@misc{gursewak_singh_sidhu_2021,
	title={Crab Age Prediction},
	url={https://www.kaggle.com/dsv/2834512},
	DOI={10.34740/KAGGLE/DSV/2834512},
	publisher={Kaggle},
	author={Gursewak Singh Sidhu},
	year={2021}
}

@book{dmlsbook2022,
    address = {USA},
    author = {Chip Huyen},
    isbn = {978-1801819312},
    publisher = {O'Reilly Media},
    title = {{Designing Machine Learning Systems}},
    year = {2022}
}

@book{russell2020artificial,
  title={Artificial Intelligence: A Modern Approach},
  author={Russell, S.J. and Russell, S. and Norvig, P.},
  isbn={9780134610993},
  lccn={2019047498},
  series={Pearson series in artificial intelligence},
  year={2020},
  publisher={Pearson}
}
